@BOOK
  {ref1,
   AUTHOR  = "Kernighan, Brian W. and Ritchie, Dennis M.",
   TITLE   = "{The C Programming Language Second Edition}",
   PUBLISHER = "Prentice-Hall, Inc.",
   YEAR = 1988
  }

@BOOK
  {ref2,
   AUTHOR  = "George P. Burdell",
   TITLE   = "{Myths and Their Origins}",
   PUBLISHER = "Real Books, Inc.",
   YEAR = 2016 
  }

@article{ref3,
	title = {Can Quantum-Mechanical Description of Physical Reality Be Considered Complete?},
	author = {Einstein, A. and Podolsky, B. and Rosen, N.},
	journal = {Phys. Rev.},
	volume = {47},
	issue = {10},
	pages = {777--780},
	year = {1935},
	publisher = {American Physical Society},
	doi = {10.1103/PhysRev.47.777}
}

@book{jurafsky2014speech,
  title={Speech and language processing},
  author={Jurafsky, Dan and Martin, James H},
  volume={3},
  year={2014},
  publisher={Pearson}
}

@inproceedings{tsarfaty2010statistical,
  title={Statistical parsing of morphologically rich languages (SPMRL): what, how and whither},
  author={Tsarfaty, Reut and Seddah, Djam{\'e} and Goldberg, Yoav and K{\"u}bler, Sandra and Candito, Marie and Foster, Jennifer and Versley, Yannick and Rehbein, Ines and Tounsi, Lamia},
  booktitle={Proceedings of the NAACL HLT 2010 First Workshop on Statistical Parsing of Morphologically-Rich Languages},
  pages={1--12},
  year={2010},
  organization={Association for Computational Linguistics}
}

@book{Jurafsky:2009:SLP:1214993,
 author = {Jurafsky, Daniel and Martin, James H.},
 title = {Speech and Language Processing (2Nd Edition)},
 year = {2009},
 isbn = {0131873210},
 publisher = {Prentice-Hall, Inc.},
 address = {Upper Saddle River, NJ, USA},
}

@inproceedings{seddah2013overview,
  title={Overview of the SPMRL 2013 shared task: cross-framework evaluation of parsing morphologically rich languages},
  author={Seddah, Djam{\'e} and Tsarfaty, Reut and K{\"u}bler, Sandra and Candito, Marie and Choi, Jinho and Farkas, Rich{\'a}rd and Foster, Jennifer and Goenaga, Iakes and Gojenola, Koldo and Goldberg, Yoav and others},
  booktitle={Proceedings of the Fourth Workshop on Statistical Parsing of Morphologically Rich Languages},
  pages={146-182},
  year={2013},
  organization={Association for Computational Linguistics}
}

@InProceedings{tsarfaty:2006,
  Title                    = {{Integrated Morphological an Syntactic Disambiguation for Modern Hebrew}},
  Author                   = {Tsarfaty, Reut},
  Booktitle                = {Proceedings of the COLING/ACL 2006 Student Research Workshop},
  Year                     = {2006},

  Address                  = {Sydney, Australia},
  Month                    = {07},
  Pages                    = {49--54},

  Owner                    = {daniel},
  Timestamp                = {2017.03.22}
}

@InProceedings{cohen:smith:2007,
  Title                    = {{Joint Morphological and Syntactic Disambiguation}},
  Author                   = {Cohen, Shay and Smith, Noah},
  Booktitle                = {Proceedings of the 2007 Joint Conference on Empirical Methods in Natural Language Processing and Computational Natural Language Learning},
  Year                     = {2007},

  Address                  = {Prague, Czech Republic},
  Month                    = {06},
  Pages                    = {208--217},

  Owner                    = {daniel},
  Timestamp                = {2017.03.30}
}

@InProceedings{goldberg:tsarfaty:2008,
  Title                    = {{A Single Generative Model for Joint Morphological Segmentation and Syntactic Parsing}},
  Author                   = {Goldberg, Yoav and Tsarfaty, Reut},
  Booktitle                = {46th Annual Meeting of the Association for Computational Linguistics: Human Language Technologies},
  Year                     = {2008},

  Address                  = {Columbus, Ohio},
  Month                    = {06},
  Pages                    = {371--379},

  Owner                    = {daniel},
  Timestamp                = {2017.03.30}
}

@InProceedings{green:manning:2010,
  Title                    = {{Better Arabic Parsing: Baselines, Evaluations, and Analysis}},
  Author                   = {Green, Spence and Manning, Christopher},
  Booktitle                = {Proceedings of the 23rd International Conference on Computational Linguistics},
  Year                     = {2010},

  Address                  = {Beijing, China},
  Month                    = {08},
  Pages                    = {394--402},

  Owner                    = {daniel},
  Timestamp                = {2017.03.30}
}

@InProceedings{chappelier:etal:1999,
  Title                    = {{Lattice Parsing for Speech Recognition}},
  Author                   = {Chappelier, Jean-C\'edric and Rajman, Martin and Arag\"ues, Ramon and Rozenknop, Antoine},
  Booktitle                = {Sixth Conference sur le Traitement Automatique du Langage Naturel (TANLâ€™99)},
  Year                     = {1999},

  Address                  = {Carg\`ese, France},
  Month                    = {07},
  Pages                    = {95--104},

  Owner                    = {daniel},
  Timestamp                = {2017.03.30}
}

@InProceedings{goldberg:elhadad:2011,
  Title                    = {{Joint Hebrew Segmentation and Parsing Using a PCFG-LA Lattice Parser}},
  Author                   = {Goldberg, Yoav and Elhadad, Michael},
  Booktitle                = {Proceedings of the 49th Annual Meeting of the Association for Computational Linguistics: Human Language Technologies},
  Year                     = {2011},

  Address                  = {Portland, Oregon},
  Month                    = {06},
  Pages                    = {704--709},

  Owner                    = {daniel},
  Timestamp                = {2017.03.30}
}

@inproceedings{mi2015shift,
  title={Shift-reduce constituency parsing with dynamic programming and pos tag lattice},
  author={Mi, Haitao and Huang, Liang},
  booktitle={Proceedings of the 2015 Conference of the North American Chapter of the Association for Computational Linguistics: Human Language Technologies},
  pages={1030--1035},
  year={2015}
}

@inproceedings{wang2014joint,
  title={Joint pos tagging and transition-based constituent parsing in chinese with non-local features},
  author={Wang, Zhiguo and Xue, Nianwen},
  booktitle={Proceedings of the 52nd Annual Meeting of the Association for Computational Linguistics (Volume 1: Long Papers)},
  volume={1},
  pages={733--742},
  year={2014}
}